@inproceedings{koren2003spectral,
  title={On spectral graph drawing},
  author={Koren, Yehuda},
  booktitle={International Computing and Combinatorics Conference},
  pages={496--508},
  year={2003},
  organization={Springer}
}

@phdthesis{tesi_sofia_farina,
          author = {Sofia Farina},
           title = {A physical interpretation of network laplacian: role of perturbations and masses},
        abstract = {Il presente elaborato si propone di studiare il laplaciano associato ad un network, oggetto di interesse sia perch{\`e} dalla sua analisi spettrale {\`e} possibile ricavare delle tecniche di ricostruzione e rappresentazione della rete efficienti e al contempo semplici da implementare, ma anche per la sua possibile intepretazione fisica.
        Il lavoro si struttura in due sezioni: la prima, riguardante l'analisi numerica dello spettro del laplaciano di un network con particolari propriet{\`a} di simmetria e regolarit{\`a} anche in seguito alla sua perturbazione in termini di rimozone casuale di nodi e di link; la seconda incentrata su un suo modello intepretativo in chiave fisica che ci permette di ragionare sul reticolo immaginandolo come una serie di masse collegate tra loro da molle, dotate di una lunghezza caratteristica e di una costante elastica, e di vedere la sua rappresentazione come la visualizzazione dello stato di equilibrio raggiunto da questo sistema.},
             url = {http://amslaurea.unibo.it/16345/},
        keywords = {network theory,graph theory,laplacian,spectral analysis}
}
